@article{nangue2020boolean,
  title={A Boolean task algebra for reinforcement learning},
  author={Nangue Tasse, Geraud and James, Steven and Rosman, Benjamin},
  journal={Advances in Neural Information Processing Systems},
  volume={33},
  pages={9497--9507},
  year={2020}
}

@inproceedings{benureau2015diversity,
  title={Diversity-driven selection of exploration strategies in multi-armed bandits},
  author={Benureau, Fabien and Oudeyer, Pierre-Yves},
  booktitle={2015 Joint IEEE International Conference on Development and Learning and Epigenetic Robotics (ICDL-EpiRob)},
  pages={135--142},
  year={2015},
  organization={IEEE}
}

@book{sutton2018reinforcement,
  title={Reinforcement learning: An introduction},
  author={Sutton, Richard S and Barto, Andrew G},
  year={2018},
  publisher={MIT press}
}