@article{mnih2015human,
  title={Human-level control through deep reinforcement learning},
  author={Mnih, Volodymyr and Kavukcuoglu, Koray and Silver, David and Rusu, Andrei A and Veness, Joel and Bellemare, Marc G and Graves, Alex and Riedmiller, Martin and Fidjeland, Andreas K and Ostrovski, Georg and others},
  journal={nature},
  volume={518},
  number={7540},
  pages={529--533},
  year={2015},
  publisher={Nature Publishing Group}
}

@article{levine2016end,
  title={End-to-end training of deep visuomotor policies},
  author={Levine, Sergey and Finn, Chelsea and Darrell, Trevor and Abbeel, Pieter},
  journal={The Journal of Machine Learning Research},
  volume={17},
  number={1},
  pages={1334--1373},
  year={2016},
  publisher={JMLR. org}
}

@article{lillicrap2015continuous,
  title={Continuous control with deep reinforcement learning},
  author={Lillicrap, Timothy P and Hunt, Jonathan J and Pritzel, Alexander and Heess, Nicolas and Erez, Tom and Tassa, Yuval and Silver, David and Wierstra, Daan},
  journal={arXiv preprint arXiv:1509.02971},
  year={2015}
}

@article{silver2017mastering,
  title={Mastering the game of go without human knowledge},
  author={Silver, David and Schrittwieser, Julian and Simonyan, Karen and Antonoglou, Ioannis and Huang, Aja and Guez, Arthur and Hubert, Thomas and Baker, Lucas and Lai, Matthew and Bolton, Adrian and others},
  journal={nature},
  volume={550},
  number={7676},
  pages={354--359},
  year={2017},
  publisher={Nature Publishing Group}
}

@article{todorov2009compositionality,
  title={Compositionality of optimal control laws},
  author={Todorov, Emanuel},
  journal={Advances in neural information processing systems},
  volume={22},
  year={2009}
}

@article{nangue2020boolean,
  title={A Boolean task algebra for reinforcement learning},
  author={Nangue Tasse, Geraud and James, Steven and Rosman, Benjamin},
  journal={Advances in Neural Information Processing Systems},
  volume={33},
  pages={9497--9507},
  year={2020}
}

@inproceedings{haarnoja2018composable,
  title={Composable deep reinforcement learning for robotic manipulation},
  author={Haarnoja, Tuomas and Pong, Vitchyr and Zhou, Aurick and Dalal, Murtaza and Abbeel, Pieter and Levine, Sergey},
  booktitle={2018 IEEE international conference on robotics and automation (ICRA)},
  pages={6244--6251},
  year={2018},
  organization={IEEE}
}

@inproceedings{van2019composing,
  title={Composing value functions in reinforcement learning},
  author={Van Niekerk, Benjamin and James, Steven and Earle, Adam and Rosman, Benjamin},
  booktitle={International conference on machine learning},
  pages={6401--6409},
  year={2019},
  organization={PMLR}
}

@inproceedings{hunt2019composing,
  title={Composing entropic policies using divergence correction},
  author={Hunt, Jonathan and Barreto, Andre and Lillicrap, Timothy and Heess, Nicolas},
  booktitle={International Conference on Machine Learning},
  pages={2911--2920},
  year={2019},
  organization={PMLR}
}

@inproceedings{esteban2019hierarchical,
  title        = {Hierarchical reinforcement learning for concurrent discovery of compound and composable policies},
  author       = {Esteban, Domingo and Rozo, Leonel and Caldwell, Darwin G},
  booktitle    = {2019 IEEE/RSJ International Conference on Intelligent Robots and Systems (IROS)},
  pages        = {1818--1825},
  year         = {2019},
  organization = {IEEE}
}

@article{peng2019mcp,
  title   = {Mcp: Learning composable hierarchical control with multiplicative compositional policies},
  author  = {Peng, Xue Bin and Chang, Michael and Zhang, Grace and Abbeel, Pieter and Levine, Sergey},
  journal = {Advances in Neural Information Processing Systems},
  volume  = {32},
  year    = {2019}
}

@article{abed2018action,
  title     = {Action-selection method for reinforcement learning based on cuckoo search algorithm},
  author    = {Abed-alguni, Bilal H},
  journal   = {Arabian Journal for Science and Engineering},
  volume    = {43},
  number    = {12},
  pages     = {6771--6785},
  year      = {2018},
  publisher = {Springer}
}

@inproceedings{saxe2017hierarchy,
  title        = {Hierarchy through composition with multitask LMDPs},
  author       = {Saxe, Andrew M and Earle, Adam C and Rosman, Benjamin},
  booktitle    = {International Conference on Machine Learning},
  pages        = {3017--3026},
  year         = {2017},
  organization = {PMLR}
}

@article{dos2017adaptive,
  title     = {An adaptive implementation of $\varepsilon$-Greedy in reinforcement learning},
  author    = {dos Santos Mignon, Alexandre and da Rocha, Ricardo Luis de Azevedo},
  journal   = {Procedia Computer Science},
  volume    = {109},
  pages     = {1146--1151},
  year      = {2017},
  publisher = {Elsevier}
}

@inproceedings{tokic2011value,
  title        = {Value-difference based exploration: adaptive control between epsilon-greedy and softmax},
  author       = {Tokic, Michel and Palm, G{\"u}nther},
  booktitle    = {Annual conference on artificial intelligence},
  pages        = {335--346},
  year         = {2011},
  organization = {Springer}
}

@inproceedings{yang2009cuckoo,
  title        = {Cuckoo search via L{\'e}vy flights},
  author       = {Yang, Xin-She and Deb, Suash},
  booktitle    = {2009 World congress on nature \& biologically inspired computing (NaBIC)},
  pages        = {210--214},
  year         = {2009},
  organization = {Ieee}
}

@inproceedings{vermorel2005multi,
  title        = {Multi-armed bandit algorithms and empirical evaluation},
  author       = {Vermorel, Joannes and Mohri, Mehryar},
  booktitle    = {European conference on machine learning},
  pages        = {437--448},
  year         = {2005},
  organization = {Springer}
}

@article{barto2003recent,
  title     = {Recent advances in hierarchical reinforcement learning},
  author    = {Barto, Andrew G and Mahadevan, Sridhar},
  journal   = {Discrete event dynamic systems},
  volume    = {13},
  number    = {1},
  pages     = {41--77},
  year      = {2003},
  publisher = {Springer}
}

@article{auer2002nonstochastic,
  title     = {The nonstochastic multiarmed bandit problem},
  author    = {Auer, Peter and Cesa-Bianchi, Nicolo and Freund, Yoav and Schapire, Robert E},
  journal   = {SIAM journal on computing},
  volume    = {32},
  number    = {1},
  pages     = {48--77},
  year      = {2002},
  publisher = {SIAM}
}

@article{auer2002finite,
  title     = {Finite-time analysis of the multiarmed bandit problem},
  author    = {Auer, Peter and Cesa-Bianchi, Nicolo and Fischer, Paul},
  journal   = {Machine learning},
  volume    = {47},
  number    = {2},
  pages     = {235--256},
  year      = {2002},
  publisher = {Springer}
}

@article{sutton1999between,
  title     = {Between MDPs and semi-MDPs: A framework for temporal abstraction in reinforcement learning},
  author    = {Sutton, Richard S and Precup, Doina and Singh, Satinder},
  journal   = {Artificial intelligence},
  volume    = {112},
  number    = {1-2},
  pages     = {181--211},
  year      = {1999},
  publisher = {Elsevier}
}

@inproceedings{cesa1998finite,
  title        = {Finite-Time Regret Bounds for the Multiarmed Bandit Problem.},
  author       = {Cesa-Bianchi, Nicolo and Fischer, Paul},
  booktitle    = {ICML},
  volume       = {98},
  pages        = {100--108},
  year         = {1998},
  organization = {Citeseer}
}

@inproceedings{dearden1998bayesian,
  title     = {Bayesian Q-learning},
  author    = {Dearden, Richard and Friedman, Nir and Russell, Stuart},
  booktitle = {Aaai/iaai},
  pages     = {761--768},
  year      = {1998}
}

@misc{sutton1998introduction,
  title     = {Introduction to reinforcement learning. Vol. 135},
  author    = {Sutton, Richard S and Barto, Andrew G and others},
  year      = {1998},
  publisher = {MIT press Cambridge}
}

@article{wyatt1998exploration,
  title     = {Exploration and inference in learning from reinforcement},
  author    = {Wyatt, Jeremy},
  year      = {1998},
  publisher = {University of Edinburgh. College of Science and Engineering. School of~â€¦}
}

@article{howard1966information,
  title     = {Information value theory},
  author    = {Howard, Ronald A},
  journal   = {IEEE Transactions on systems science and cybernetics},
  volume    = {2},
  number    = {1},
  pages     = {22--26},
  year      = {1966},
  publisher = {IEEE}
}

@inproceedings{auer1995gambling,
  title        = {Gambling in a rigged casino: The adversarial multi-armed bandit problem},
  author       = {Auer, Peter and Cesa-Bianchi, Nicolo and Freund, Yoav and Schapire, Robert E},
  booktitle    = {Proceedings of IEEE 36th annual foundations of computer science},
  pages        = {322--331},
  year         = {1995},
  organization = {IEEE}
}

@article{watkins1989learning,
  title     = {Learning from delayed rewards},
  author    = {Watkins, Christopher John Cornish Hellaby},
  year      = {1989},
  publisher = {King's College, Cambridge United Kingdom}
}

@misc{luce1959d,
  title     = {D., Individual Choice Behavior},
  author    = {Luce, R},
  year      = {1959},
  publisher = {New York: Wiley}
}

@article{thompson1933likelihood,
  title     = {On the likelihood that one unknown probability exceeds another in view of the evidence of two samples},
  author    = {Thompson, William R},
  journal   = {Biometrika},
  volume    = {25},
  number    = {3-4},
  pages     = {285--294},
  year      = {1933},
  publisher = {Oxford University Press}
}